%YAML 1.1
%TAG !u! tag:unity3d.com,2011:
--- !u!1 &727182470593678037
GameObject:
  m_ObjectHideFlags: 0
  m_CorrespondingSourceObject: {fileID: 0}
  m_PrefabInstance: {fileID: 0}
  m_PrefabAsset: {fileID: 0}
  serializedVersion: 6
  m_Component:
  - component: {fileID: 4935484181562784437}
  - component: {fileID: 970972207975322444}
  m_Layer: 0
  m_Name: TumblerPrefab
  m_TagString: Untagged
  m_Icon: {fileID: 0}
  m_NavMeshLayer: 0
  m_StaticEditorFlags: 0
  m_IsActive: 1
--- !u!4 &4935484181562784437
Transform:
  m_ObjectHideFlags: 0
  m_CorrespondingSourceObject: {fileID: 0}
  m_PrefabInstance: {fileID: 0}
  m_PrefabAsset: {fileID: 0}
  m_GameObject: {fileID: 727182470593678037}
  m_LocalRotation: {x: 0, y: 0.86602545, z: 0, w: 0.49999994}
  m_LocalPosition: {x: 0, y: 0, z: 0}
  m_LocalScale: {x: 1, y: 1, z: 1}
  m_Children:
  - {fileID: 3723860421189260632}
  - {fileID: 4635371419947138626}
  - {fileID: 4707176720754861070}
  - {fileID: 8801851041183240776}
  m_Father: {fileID: 1240364189669713896}
  m_RootOrder: 1
  m_LocalEulerAnglesHint: {x: 0, y: 120, z: 0}
--- !u!114 &970972207975322444
MonoBehaviour:
  m_ObjectHideFlags: 0
  m_CorrespondingSourceObject: {fileID: 0}
  m_PrefabInstance: {fileID: 0}
  m_PrefabAsset: {fileID: 0}
  m_GameObject: {fileID: 727182470593678037}
  m_Enabled: 1
  m_EditorHideFlags: 0
  m_Script: {fileID: 11500000, guid: 2a7be04322ba012448491f9ee074a4ec, type: 3}
  m_Name: 
  m_EditorClassIdentifier: 
  BiocodesLeft: 3
  ErrorRotation: 0
--- !u!1 &1227267126275157556
GameObject:
  m_ObjectHideFlags: 0
  m_CorrespondingSourceObject: {fileID: 0}
  m_PrefabInstance: {fileID: 0}
  m_PrefabAsset: {fileID: 0}
  serializedVersion: 6
  m_Component:
  - component: {fileID: 3723860421189260632}
  - component: {fileID: 7980657651192113851}
  - component: {fileID: 7513609599324559834}
  - component: {fileID: 5040521531523163991}
  m_Layer: 0
  m_Name: default
  m_TagString: Untagged
  m_Icon: {fileID: 0}
  m_NavMeshLayer: 0
  m_StaticEditorFlags: 0
  m_IsActive: 1
--- !u!4 &3723860421189260632
Transform:
  m_ObjectHideFlags: 0
  m_CorrespondingSourceObject: {fileID: 0}
  m_PrefabInstance: {fileID: 0}
  m_PrefabAsset: {fileID: 0}
  m_GameObject: {fileID: 1227267126275157556}
  m_LocalRotation: {x: -0, y: -0, z: -0, w: 1}
  m_LocalPosition: {x: 0, y: 0, z: 0}
  m_LocalScale: {x: 1, y: 3, z: 1}
  m_Children: []
  m_Father: {fileID: 4935484181562784437}
  m_RootOrder: 0
  m_LocalEulerAnglesHint: {x: 0, y: 0, z: 0}
--- !u!33 &7980657651192113851
MeshFilter:
  m_ObjectHideFlags: 0
  m_CorrespondingSourceObject: {fileID: 0}
  m_PrefabInstance: {fileID: 0}
  m_PrefabAsset: {fileID: 0}
  m_GameObject: {fileID: 1227267126275157556}
  m_Mesh: {fileID: 4300000, guid: ae9f12784a5be9141980f097e1a67656, type: 3}
--- !u!23 &7513609599324559834
MeshRenderer:
  m_ObjectHideFlags: 0
  m_CorrespondingSourceObject: {fileID: 0}
  m_PrefabInstance: {fileID: 0}
  m_PrefabAsset: {fileID: 0}
  m_GameObject: {fileID: 1227267126275157556}
  m_Enabled: 1
  m_CastShadows: 0
  m_ReceiveShadows: 1
  m_DynamicOccludee: 1
  m_MotionVectors: 1
  m_LightProbeUsage: 1
  m_ReflectionProbeUsage: 1
  m_RenderingLayerMask: 4294967295
  m_RendererPriority: 0
  m_Materials:
  - {fileID: 2100000, guid: 94e7caeae38dc374b9d367624ade42ee, type: 2}
  m_StaticBatchInfo:
    firstSubMesh: 0
    subMeshCount: 0
  m_StaticBatchRoot: {fileID: 0}
  m_ProbeAnchor: {fileID: 0}
  m_LightProbeVolumeOverride: {fileID: 0}
  m_ScaleInLightmap: 1
  m_PreserveUVs: 0
  m_IgnoreNormalsForChartDetection: 0
  m_ImportantGI: 0
  m_StitchLightmapSeams: 0
  m_SelectedEditorRenderState: 3
  m_MinimumChartSize: 4
  m_AutoUVMaxDistance: 0.5
  m_AutoUVMaxAngle: 89
  m_LightmapParameters: {fileID: 0}
  m_SortingLayerID: 0
  m_SortingLayer: 0
  m_SortingOrder: 0
--- !u!64 &5040521531523163991
MeshCollider:
  m_ObjectHideFlags: 0
  m_CorrespondingSourceObject: {fileID: 0}
  m_PrefabInstance: {fileID: 0}
  m_PrefabAsset: {fileID: 0}
  m_GameObject: {fileID: 1227267126275157556}
  m_Material: {fileID: 0}
  m_IsTrigger: 0
  m_Enabled: 1
  serializedVersion: 3
  m_Convex: 0
  m_CookingOptions: 14
  m_Mesh: {fileID: 4300000, guid: ae9f12784a5be9141980f097e1a67656, type: 3}
--- !u!1 &1326276799312169377
GameObject:
  m_ObjectHideFlags: 0
  m_CorrespondingSourceObject: {fileID: 0}
  m_PrefabInstance: {fileID: 0}
  m_PrefabAsset: {fileID: 0}
  serializedVersion: 6
  m_Component:
  - component: {fileID: 785562229756543724}
  - component: {fileID: 4097461775884130429}
  - component: {fileID: 2129911531704699711}
  m_Layer: 0
  m_Name: default
  m_TagString: Untagged
  m_Icon: {fileID: 0}
  m_NavMeshLayer: 0
  m_StaticEditorFlags: 0
  m_IsActive: 1
--- !u!4 &785562229756543724
Transform:
  m_ObjectHideFlags: 0
  m_CorrespondingSourceObject: {fileID: 0}
  m_PrefabInstance: {fileID: 0}
  m_PrefabAsset: {fileID: 0}
  m_GameObject: {fileID: 1326276799312169377}
  m_LocalRotation: {x: 0, y: -0, z: -0, w: 1}
  m_LocalPosition: {x: -0, y: 0, z: 0}
  m_LocalScale: {x: 1, y: 1, z: 1}
  m_Children: []
  m_Father: {fileID: 3520766024207153247}
  m_RootOrder: 0
  m_LocalEulerAnglesHint: {x: 0, y: 0, z: 0}
--- !u!33 &4097461775884130429
MeshFilter:
  m_ObjectHideFlags: 0
  m_CorrespondingSourceObject: {fileID: 0}
  m_PrefabInstance: {fileID: 0}
  m_PrefabAsset: {fileID: 0}
  m_GameObject: {fileID: 1326276799312169377}
  m_Mesh: {fileID: 4300000, guid: 51ee3c5c51310324086d30be89a6100b, type: 3}
--- !u!23 &2129911531704699711
MeshRenderer:
  m_ObjectHideFlags: 0
  m_CorrespondingSourceObject: {fileID: 0}
  m_PrefabInstance: {fileID: 0}
  m_PrefabAsset: {fileID: 0}
  m_GameObject: {fileID: 1326276799312169377}
  m_Enabled: 1
  m_CastShadows: 0
  m_ReceiveShadows: 1
  m_DynamicOccludee: 1
  m_MotionVectors: 1
  m_LightProbeUsage: 1
  m_ReflectionProbeUsage: 1
  m_RenderingLayerMask: 4294967295
  m_RendererPriority: 0
  m_Materials:
  - {fileID: 2100000, guid: 0691863668fe51846bf424d6275c850a, type: 2}
  m_StaticBatchInfo:
    firstSubMesh: 0
    subMeshCount: 0
  m_StaticBatchRoot: {fileID: 0}
  m_ProbeAnchor: {fileID: 0}
  m_LightProbeVolumeOverride: {fileID: 0}
  m_ScaleInLightmap: 1
  m_PreserveUVs: 0
  m_IgnoreNormalsForChartDetection: 0
  m_ImportantGI: 0
  m_StitchLightmapSeams: 0
  m_SelectedEditorRenderState: 3
  m_MinimumChartSize: 4
  m_AutoUVMaxDistance: 0.5
  m_AutoUVMaxAngle: 89
  m_LightmapParameters: {fileID: 0}
  m_SortingLayerID: 0
  m_SortingLayer: 0
  m_SortingOrder: 0
--- !u!1 &3354780888270142051
GameObject:
  m_ObjectHideFlags: 0
  m_CorrespondingSourceObject: {fileID: 0}
  m_PrefabInstance: {fileID: 0}
  m_PrefabAsset: {fileID: 0}
  serializedVersion: 6
  m_Component:
  - component: {fileID: 1240364189669713896}
  m_Layer: 0
  m_Name: TumblerBiocodesPrefab38
  m_TagString: TumblerBiocode
  m_Icon: {fileID: 0}
  m_NavMeshLayer: 0
  m_StaticEditorFlags: 0
  m_IsActive: 1
--- !u!4 &1240364189669713896
Transform:
  m_ObjectHideFlags: 0
  m_CorrespondingSourceObject: {fileID: 0}
  m_PrefabInstance: {fileID: 0}
  m_PrefabAsset: {fileID: 0}
  m_GameObject: {fileID: 3354780888270142051}
  m_LocalRotation: {x: 0, y: 0.60876137, z: 0, w: 0.7933534}
  m_LocalPosition: {x: 16, y: 3.53, z: -14}
  m_LocalScale: {x: 1, y: 0.1, z: 1}
  m_Children:
  - {fileID: 3520766024207153247}
  - {fileID: 4935484181562784437}
  m_Father: {fileID: 0}
  m_RootOrder: 0
  m_LocalEulerAnglesHint: {x: 0, y: 75, z: 0}
--- !u!1 &9164822143216373706
GameObject:
  m_ObjectHideFlags: 0
  m_CorrespondingSourceObject: {fileID: 0}
  m_PrefabInstance: {fileID: 0}
  m_PrefabAsset: {fileID: 0}
  serializedVersion: 6
  m_Component:
  - component: {fileID: 3520766024207153247}
  m_Layer: 0
  m_Name: TumblerHolderPrefab
  m_TagString: Untagged
  m_Icon: {fileID: 0}
  m_NavMeshLayer: 0
  m_StaticEditorFlags: 0
  m_IsActive: 1
--- !u!4 &3520766024207153247
Transform:
  m_ObjectHideFlags: 0
  m_CorrespondingSourceObject: {fileID: 0}
  m_PrefabInstance: {fileID: 0}
  m_PrefabAsset: {fileID: 0}
  m_GameObject: {fileID: 9164822143216373706}
  m_LocalRotation: {x: -0, y: 0.49999997, z: -0, w: 0.86602545}
  m_LocalPosition: {x: 9.0932665, y: -10.299999, z: 5.2500014}
  m_LocalScale: {x: 1, y: 10, z: 1}
  m_Children:
  - {fileID: 785562229756543724}
  m_Father: {fileID: 1240364189669713896}
  m_RootOrder: 0
  m_LocalEulerAnglesHint: {x: 0, y: 90, z: 0}
--- !u!1001 &3139234994085886817
PrefabInstance:
  m_ObjectHideFlags: 0
  serializedVersion: 2
  m_Modification:
    m_TransformParent: {fileID: 4935484181562784437}
    m_Modifications:
    - target: {fileID: 5883333742279163981, guid: 133a009e067f0fd46afff9b63c566b4c,
        type: 3}
      propertyPath: m_Name
      value: PurpleBiocodePrefab
      objectReference: {fileID: 0}
    - target: {fileID: 5888097500821711145, guid: 133a009e067f0fd46afff9b63c566b4c,
        type: 3}
      propertyPath: m_LocalPosition.x
      value: 1.2
      objectReference: {fileID: 0}
    - target: {fileID: 5888097500821711145, guid: 133a009e067f0fd46afff9b63c566b4c,
        type: 3}
      propertyPath: m_LocalPosition.y
      value: -0.3
      objectReference: {fileID: 0}
    - target: {fileID: 5888097500821711145, guid: 133a009e067f0fd46afff9b63c566b4c,
        type: 3}
      propertyPath: m_LocalPosition.z
      value: -0.7
      objectReference: {fileID: 0}
    - target: {fileID: 5888097500821711145, guid: 133a009e067f0fd46afff9b63c566b4c,
        type: 3}
      propertyPath: m_LocalRotation.x
      value: 0
      objectReference: {fileID: 0}
    - target: {fileID: 5888097500821711145, guid: 133a009e067f0fd46afff9b63c566b4c,
        type: 3}
      propertyPath: m_LocalRotation.y
      value: 0
      objectReference: {fileID: 0}
    - target: {fileID: 5888097500821711145, guid: 133a009e067f0fd46afff9b63c566b4c,
        type: 3}
      propertyPath: m_LocalRotation.z
      value: 0
      objectReference: {fileID: 0}
    - target: {fileID: 5888097500821711145, guid: 133a009e067f0fd46afff9b63c566b4c,
        type: 3}
      propertyPath: m_LocalRotation.w
      value: 1
      objectReference: {fileID: 0}
    - target: {fileID: 5888097500821711145, guid: 133a009e067f0fd46afff9b63c566b4c,
        type: 3}
      propertyPath: m_RootOrder
      value: 3
      objectReference: {fileID: 0}
    - target: {fileID: 5888097500821711145, guid: 133a009e067f0fd46afff9b63c566b4c,
        type: 3}
      propertyPath: m_LocalEulerAnglesHint.x
      value: 0
      objectReference: {fileID: 0}
    - target: {fileID: 5888097500821711145, guid: 133a009e067f0fd46afff9b63c566b4c,
        type: 3}
      propertyPath: m_LocalEulerAnglesHint.y
      value: 0
      objectReference: {fileID: 0}
    - target: {fileID: 5888097500821711145, guid: 133a009e067f0fd46afff9b63c566b4c,
        type: 3}
      propertyPath: m_LocalEulerAnglesHint.z
      value: 0
      objectReference: {fileID: 0}
    - target: {fileID: 5888097500821711145, guid: 133a009e067f0fd46afff9b63c566b4c,
        type: 3}
      propertyPath: m_LocalScale.x
      value: 1.5
      objectReference: {fileID: 0}
    - target: {fileID: 5888097500821711145, guid: 133a009e067f0fd46afff9b63c566b4c,
        type: 3}
      propertyPath: m_LocalScale.y
      value: 15
      objectReference: {fileID: 0}
    - target: {fileID: 5888097500821711145, guid: 133a009e067f0fd46afff9b63c566b4c,
        type: 3}
      propertyPath: m_LocalScale.z
      value: 1.5
      objectReference: {fileID: 0}
    m_RemovedComponents: []
  m_SourcePrefab: {fileID: 100100000, guid: 133a009e067f0fd46afff9b63c566b4c, type: 3}
--- !u!4 &8801851041183240776 stripped
Transform:
  m_CorrespondingSourceObject: {fileID: 5888097500821711145, guid: 133a009e067f0fd46afff9b63c566b4c,
    type: 3}
  m_PrefabInstance: {fileID: 3139234994085886817}
  m_PrefabAsset: {fileID: 0}
--- !u!1001 &4637237777382475944
PrefabInstance:
  m_ObjectHideFlags: 0
  serializedVersion: 2
  m_Modification:
    m_TransformParent: {fileID: 4935484181562784437}
    m_Modifications:
    - target: {fileID: 1879832956140998, guid: a8efd0ebf7e12b94dba2a568ecec95bc, type: 3}
      propertyPath: m_Name
      value: RedBiocodePrefab
      objectReference: {fileID: 0}
    - target: {fileID: 4189754490222314, guid: a8efd0ebf7e12b94dba2a568ecec95bc, type: 3}
      propertyPath: m_LocalPosition.x
      value: -1.2
      objectReference: {fileID: 0}
    - target: {fileID: 4189754490222314, guid: a8efd0ebf7e12b94dba2a568ecec95bc, type: 3}
      propertyPath: m_LocalPosition.y
      value: -0.3
      objectReference: {fileID: 0}
    - target: {fileID: 4189754490222314, guid: a8efd0ebf7e12b94dba2a568ecec95bc, type: 3}
      propertyPath: m_LocalPosition.z
      value: -0.7
      objectReference: {fileID: 0}
    - target: {fileID: 4189754490222314, guid: a8efd0ebf7e12b94dba2a568ecec95bc, type: 3}
      propertyPath: m_LocalRotation.x
      value: 0
      objectReference: {fileID: 0}
    - target: {fileID: 4189754490222314, guid: a8efd0ebf7e12b94dba2a568ecec95bc, type: 3}
      propertyPath: m_LocalRotation.y
      value: 0
      objectReference: {fileID: 0}
    - target: {fileID: 4189754490222314, guid: a8efd0ebf7e12b94dba2a568ecec95bc, type: 3}
      propertyPath: m_LocalRotation.z
      value: 0
      objectReference: {fileID: 0}
    - target: {fileID: 4189754490222314, guid: a8efd0ebf7e12b94dba2a568ecec95bc, type: 3}
      propertyPath: m_LocalRotation.w
      value: 1
      objectReference: {fileID: 0}
    - target: {fileID: 4189754490222314, guid: a8efd0ebf7e12b94dba2a568ecec95bc, type: 3}
      propertyPath: m_RootOrder
      value: 1
      objectReference: {fileID: 0}
    - target: {fileID: 4189754490222314, guid: a8efd0ebf7e12b94dba2a568ecec95bc, type: 3}
      propertyPath: m_LocalEulerAnglesHint.x
      value: 0
      objectReference: {fileID: 0}
    - target: {fileID: 4189754490222314, guid: a8efd0ebf7e12b94dba2a568ecec95bc, type: 3}
      propertyPath: m_LocalEulerAnglesHint.y
      value: 0
      objectReference: {fileID: 0}
    - target: {fileID: 4189754490222314, guid: a8efd0ebf7e12b94dba2a568ecec95bc, type: 3}
      propertyPath: m_LocalEulerAnglesHint.z
      value: 0
      objectReference: {fileID: 0}
    - target: {fileID: 4189754490222314, guid: a8efd0ebf7e12b94dba2a568ecec95bc, type: 3}
      propertyPath: m_LocalScale.x
      value: 1.5
      objectReference: {fileID: 0}
    - target: {fileID: 4189754490222314, guid: a8efd0ebf7e12b94dba2a568ecec95bc, type: 3}
      propertyPath: m_LocalScale.y
      value: 15
      objectReference: {fileID: 0}
    - target: {fileID: 4189754490222314, guid: a8efd0ebf7e12b94dba2a568ecec95bc, type: 3}
      propertyPath: m_LocalScale.z
      value: 1.5
      objectReference: {fileID: 0}
    m_RemovedComponents: []
  m_SourcePrefab: {fileID: 100100000, guid: a8efd0ebf7e12b94dba2a568ecec95bc, type: 3}
--- !u!4 &4635371419947138626 stripped
Transform:
  m_CorrespondingSourceObject: {fileID: 4189754490222314, guid: a8efd0ebf7e12b94dba2a568ecec95bc,
    type: 3}
  m_PrefabInstance: {fileID: 4637237777382475944}
  m_PrefabAsset: {fileID: 0}
--- !u!1001 &4702659547994187780
PrefabInstance:
  m_ObjectHideFlags: 0
  serializedVersion: 2
  m_Modification:
    m_TransformParent: {fileID: 4935484181562784437}
    m_Modifications:
    - target: {fileID: 1552985383871564, guid: 4753cfa09bb18c141b98c2aead05f5c1, type: 3}
      propertyPath: m_Name
      value: YellowBiocodePrefab
      objectReference: {fileID: 0}
    - target: {fileID: 4630837469252618, guid: 4753cfa09bb18c141b98c2aead05f5c1, type: 3}
      propertyPath: m_LocalPosition.x
      value: -0
      objectReference: {fileID: 0}
    - target: {fileID: 4630837469252618, guid: 4753cfa09bb18c141b98c2aead05f5c1, type: 3}
      propertyPath: m_LocalPosition.y
      value: -0.3
      objectReference: {fileID: 0}
    - target: {fileID: 4630837469252618, guid: 4753cfa09bb18c141b98c2aead05f5c1, type: 3}
      propertyPath: m_LocalPosition.z
      value: 1.315
      objectReference: {fileID: 0}
    - target: {fileID: 4630837469252618, guid: 4753cfa09bb18c141b98c2aead05f5c1, type: 3}
      propertyPath: m_LocalRotation.x
      value: 0
      objectReference: {fileID: 0}
    - target: {fileID: 4630837469252618, guid: 4753cfa09bb18c141b98c2aead05f5c1, type: 3}
      propertyPath: m_LocalRotation.y
      value: 0
      objectReference: {fileID: 0}
    - target: {fileID: 4630837469252618, guid: 4753cfa09bb18c141b98c2aead05f5c1, type: 3}
      propertyPath: m_LocalRotation.z
      value: 0
      objectReference: {fileID: 0}
    - target: {fileID: 4630837469252618, guid: 4753cfa09bb18c141b98c2aead05f5c1, type: 3}
      propertyPath: m_LocalRotation.w
      value: 1
      objectReference: {fileID: 0}
    - target: {fileID: 4630837469252618, guid: 4753cfa09bb18c141b98c2aead05f5c1, type: 3}
      propertyPath: m_RootOrder
      value: 2
      objectReference: {fileID: 0}
    - target: {fileID: 4630837469252618, guid: 4753cfa09bb18c141b98c2aead05f5c1, type: 3}
      propertyPath: m_LocalEulerAnglesHint.x
      value: 0
      objectReference: {fileID: 0}
    - target: {fileID: 4630837469252618, guid: 4753cfa09bb18c141b98c2aead05f5c1, type: 3}
      propertyPath: m_LocalEulerAnglesHint.y
      value: 0
      objectReference: {fileID: 0}
    - target: {fileID: 4630837469252618, guid: 4753cfa09bb18c141b98c2aead05f5c1, type: 3}
      propertyPath: m_LocalEulerAnglesHint.z
      value: 0
      objectReference: {fileID: 0}
    - target: {fileID: 4630837469252618, guid: 4753cfa09bb18c141b98c2aead05f5c1, type: 3}
      propertyPath: m_LocalScale.x
      value: 1.5
      objectReference: {fileID: 0}
    - target: {fileID: 4630837469252618, guid: 4753cfa09bb18c141b98c2aead05f5c1, type: 3}
      propertyPath: m_LocalScale.y
      value: 15
      objectReference: {fileID: 0}
    - target: {fileID: 4630837469252618, guid: 4753cfa09bb18c141b98c2aead05f5c1, type: 3}
      propertyPath: m_LocalScale.z
      value: 1.5
      objectReference: {fileID: 0}
    m_RemovedComponents: []
  m_SourcePrefab: {fileID: 100100000, guid: 4753cfa09bb18c141b98c2aead05f5c1, type: 3}
--- !u!4 &4707176720754861070 stripped
Transform:
  m_CorrespondingSourceObject: {fileID: 4630837469252618, guid: 4753cfa09bb18c141b98c2aead05f5c1,
    type: 3}
  m_PrefabInstance: {fileID: 4702659547994187780}
  m_PrefabAsset: {fileID: 0}
